<collection xmlns="http://www.loc.gov/MARC21/slim">
<record>
  <leader>01700nam0a22003011i 450 </leader>
  <controlfield tag="001">IT\ICCU\CNCE\031300</controlfield>
  <controlfield tag="005">19971203000000.0</controlfield>
  <datafield tag="012" ind1=" " ind2=" ">
    <subfield code="a">i,e- ete, a-n- pupi (3) 1558 (R)</subfield>
    <subfield code="2">fei</subfield>
  </datafield>
  <datafield tag="100" ind1=" " ind2=" ">
    <subfield code="a">19971203d1558        0itac0103    ba</subfield>
  </datafield>
  <datafield tag="101" ind1=" " ind2=" ">
    <subfield code="a">ITA</subfield>
  </datafield>
  <datafield tag="102" ind1=" " ind2=" ">
    <subfield code="a">IT</subfield>
  </datafield>
  <datafield tag="200" ind1="1" ind2=" ">
    <subfield code="a">℗I ℗secreti del R.D. Alessio Piemontese, gi ̉la terza volta vsciti in luce, &amp; di nuouo corretti &amp; accresciuti con l&apos;aggiunta del settimo libro, nel quale si contengono i pi ̮rari, &amp; i pi ̮illustri secreti, che si siano mai in alcun luogo vditi,  ̣letti, con ogni studio &amp; diligentia reuisti. La terza volta vsciti in luce, &amp; di nuouo corretti &amp; accresciuti</subfield>
  </datafield>
  <datafield tag="210" ind1=" " ind2=" ">
    <subfield code="a">In Milano</subfield>
    <subfield code="c">appresso Francesco Moschenio</subfield>
    <subfield code="d">1558</subfield>
  </datafield>
  <datafield tag="215" ind1=" " ind2=" ">
    <subfield code="a">\8!, 284, \12! c.</subfield>
    <subfield code="d">16ʻ</subfield>
  </datafield>
  <datafield tag="620" ind1=" " ind2=" ">
    <subfield code="a">IT</subfield>
    <subfield code="d">Milano</subfield>
  </datafield>
  <datafield tag="700" ind1=" " ind2="1">
    <subfield code="a">Ruscelli,</subfield>
    <subfield code="b">Girolamo</subfield>
    <subfield code="3">IT\ICCU\CNCA\000226</subfield>
  </datafield>
  <datafield tag="712" ind1="0" ind2="0">
    <subfield code="a">Moscheni, Francesco</subfield>
    <subfield code="3">IT\ICCU\CNCT\000434</subfield>
    <subfield code="4">650</subfield>
  </datafield>
  <datafield tag="790" ind1=" " ind2="0">
    <subfield code="a">Alessio</subfield>
    <subfield code="c"> : Piemontese</subfield>
    <subfield code="3">IT\ICCU\CNCA\007018</subfield>
    <subfield code="z">Ruscelli, Girolamo</subfield>
  </datafield>
  <datafield tag="791" ind1="0" ind2="0">
    <subfield code="a">Muschenus, Franciscus</subfield>
    <subfield code="3">IT\ICCU\CNCT\002432</subfield>
    <subfield code="z">Moscheni, Francesco</subfield>
  </datafield>
  <datafield tag="791" ind1="0" ind2="0">
    <subfield code="a">Moschenius, Franciscus</subfield>
    <subfield code="3">IT\ICCU\CNCT\005229</subfield>
    <subfield code="z">Moscheni, Francesco</subfield>
  </datafield>
  <datafield tag="791" ind1="0" ind2="0">
    <subfield code="a">Moschenio, Francesco</subfield>
    <subfield code="3">IT\ICCU\CNCT\005230</subfield>
    <subfield code="z">Moscheni, Francesco</subfield>
  </datafield>
  <datafield tag="791" ind1="0" ind2="0">
    <subfield code="a">Moscheno, Francesco</subfield>
    <subfield code="3">IT\ICCU\CNCT\005231</subfield>
    <subfield code="z">Moscheni, Francesco</subfield>
  </datafield>
  <datafield tag="791" ind1="0" ind2="0">
    <subfield code="a">Moschenus, Franciscus</subfield>
    <subfield code="3">IT\ICCU\CNCT\005232</subfield>
    <subfield code="z">Moscheni, Francesco</subfield>
  </datafield>
  <datafield tag="791" ind1="0" ind2="2">
    <subfield code="a">Stampa Moscheniana</subfield>
    <subfield code="3">IT\ICCU\CNCT\005233</subfield>
    <subfield code="z">Moscheni, Francesco</subfield>
  </datafield>
  <datafield tag="801" ind1=" " ind2="3">
    <subfield code="a">IT</subfield>
    <subfield code="b">ICCU</subfield>
    <subfield code="c">20201114</subfield>
  </datafield>
  <datafield tag="899" ind1=" " ind2=" ">
    <subfield code="a">Biblioteca provinciale dei frati minori cappuccini. Bologna</subfield>
    <subfield code="1">BO0342</subfield>
    <subfield code="2">PBE 94</subfield>
  </datafield>
  <datafield tag="899" ind1=" " ind2=" ">
    <subfield code="a">Archivio storico civico e Biblioteca Trivulziana. Milano</subfield>
    <subfield code="1">MI0327</subfield>
    <subfield code="2">LO1 13</subfield>
  </datafield>
  <datafield tag="899" ind1=" " ind2=" ">
    <subfield code="a">Biblioteca civica Costantino Nigra. Ivrea</subfield>
    <subfield code="1">TO0112</subfield>
    <subfield code="2">TO0 54</subfield>
  </datafield>
</record>
</collection>
